%% This BibTeX bibliography file was created using BibDesk.
%% http://bibdesk.sourceforge.net/


%% Created for Laura Tremblay-Boyer at 2013-06-14 12:39:38 -0700 


%% Saved with string encoding Unicode (UTF-8) 



@article{Martell2012_a,
	Author = {Martell, Steven J D and Schweigert, J F and Haist, V and Cleary, J S},
	Date-Modified = {2013-06-14 19:39:37 +0000},
	Journal = {Canadian Science Advisory Secretariat},
	Month = jan,
	Title = {{Moving towards the sustainable fisheries framework for Pacific herring: data, models, and alternative assumptions; Stock Assessment and Management Advice for the British Columbia Pacific Herring Stocks: 2011 Assessment and 2012 Forecasts}},
	Year = {2012}}

@incollection{Schaefer2009_a,
	Author = {Schaefer, K and Fuller, D},
	Booktitle = {Tagging and Tracking of Marine Animals with Electronic Devices},
	Date-Modified = {2013-06-14 19:39:37 +0000},
	Editor = {Nielsen, JL and Arrizabalaga, H and Fragoso, N and Hobday, A J and Lutcavage, ME},
	Publisher = {Springer},
	Title = {{Vertical movements and habitat utilization of skipjack (Katsuwonus pelamis), yellowfin (Thunnus albacares), and bigeye (Thunnus obesus) tunas in the Equatorial Eastern Pacific Ocean, ascertained through archival tag data}},
	Year = {2009}}

@article{Punt2007_a,
	Author = {Punt, Andre E and Donovan, Greg P},
	Date-Modified = {2013-06-14 19:39:37 +0000},
	Journal = {ICES Journal of Marine Science},
	Number = {4},
	Pages = {603--612},
	Title = {{Developing management procedures that are robust to uncertainty: lessons from the International Whaling Commission}},
	Volume = {64},
	Year = {2007}}

@article{Cox2002_a,
	Author = {Cox, SP and Essington, TE and Kitchell, JF and Martell, SJD and Walters, CJ and Boggs, C and Kaplan, I},
	Date-Modified = {2013-06-14 19:39:37 +0000},
	Journal = {Canadian Journal Of Fisheries And Aquatic Sciences},
	Number = {11},
	Pages = {1736--1747},
	Title = {{Reconstructing ecosystem dynamics in the central Pacific Ocean, 1952-1998. II. A preliminary assessment of the trophic impacts of fishing and effects on tuna dynamics}},
	Volume = {59},
	Year = {2002}}

@article{Myers2003_a,
	Author = {Myers, R A and Worm, Boris},
	Date-Modified = {2013-06-14 19:39:37 +0000},
	Journal = {Nature},
	Month = may,
	Number = {6937},
	Pages = {280--283},
	Title = {{Rapid worldwide depletion of predatory fish communities.}},
	Volume = {423},
	Year = {2003}}

@article{Carruthers2011_a,
	Author = {Carruthers, Thomas R and Ahrens, Robert N M and McAllister, Murdoch K and Walters, Carl J},
	Date-Modified = {2013-06-14 19:39:37 +0000},
	Journal = {Fisheries Research},
	Number = {1},
	Pages = {157--167},
	Title = {{Integrating imputation and standardization of catch rate data in the calculation of relative abundance indices}},
	Volume = {109},
	Year = {2011}}

@article{Allain2012_a,
	Author = {Allain, Valerie and Fernandez, Emilie and Hoyle, Simon D. and Caillot, Sylvain and Jurado-Molina, Jesus and Andrefouet, Serge and Nicol, Simon J.},
	Date-Modified = {2013-06-14 19:39:37 +0000},
	Journal = {PLoS One},
	Number = {5},
	Pages = {e36701},
	Title = {{Interaction between Coastal and Oceanic Ecosystems of the Western and Central Pacific Ocean through Predator-Prey Relationship Studies}},
	Volume = {7},
	Year = {2012}}

@article{Reygondeau2012_a,
	Author = {Reygondeau, Gabriel and Maury, Olivier and Beaugrand, Gregory and Fromentin, Jean-Marc and Fonteneau, Alain and Cury, Philippe},
	Date-Modified = {2013-06-14 19:39:37 +0000},
	Journal = {Journal Of Biogeography},
	Number = {1},
	Pages = {114--129},
	Title = {{Biogeography of tuna and billfish communities}},
	Volume = {39},
	Year = {2012}}

@article{Reese2011_a,
	Author = {Reese, Douglas C and O'Malley, Robert T and Brodeur, Richard D and Churnside, James H},
	Date-Modified = {2013-06-14 19:39:37 +0000},
	Journal = {ICES Journal of Marine Science},
	Number = {9},
	Pages = {1865--1874},
	Title = {{Epipelagic fish distributions in relation to thermal fronts in a coastal upwelling system using high-resolution remote-sensing techniques}},
	Volume = {68},
	Year = {2011}}

@article{Su2012_a,
	Author = {Su, Nan-Jay and Sun, Chi-Lu and Punt, Andre E and Yeh, Su-Zan and DiNardo, Gerard},
	Date-Modified = {2013-06-14 19:39:37 +0000},
	Journal = {Marine And Freshwater Research},
	Number = {7},
	Pages = {565--575},
	Title = {{Incorporating habitat preference into the stock assessment and management of blue marlin (Makaira nigricans) in the Pacific Ocean}},
	Volume = {63},
	Year = {2012}}

@article{Young2010_a,
	Author = {Young, J and Lansdell, MJ and Campbell, RA and Cooper, SP},
	Date-Modified = {2013-06-14 19:39:37 +0000},
	Journal = {Marine Biology},
	Number = {11},
	Pages = {2347--2368},
	Title = {{Feeding ecology and niche segregation in oceanic top predators off eastern Australia}},
	Volume = {157},
	Year = {2010}}

@article{Sibert2003_a,
	Author = {Sibert, John and Hampton, John},
	Date-Modified = {2013-06-14 19:39:37 +0000},
	Journal = {MARINE POLICY},
	Number = {1},
	Pages = {87--95},
	Title = {{Mobility of tropical tunas and the implications for fisheries management}},
	Volume = {27},
	Year = {2003}}

@article{Swain1994_a,
	Author = {Swain, DP P and Sinclair, A F},
	Date-Modified = {2013-06-14 19:39:37 +0000},
	Journal = {Canadian Journal Of Fisheries And Aquatic Sciences},
	Number = {5},
	Pages = {1046--1054},
	Title = {{Fish distribution and catchability: What is the appropriate measure of distribution?}},
	Volume = {51},
	Year = {1994}}

@article{Williams2012_a,
	Author = {Williams, Peter and Terawasi, Peter},
	Date-Modified = {2013-06-14 19:39:37 +0000},
	Journal = {WCPFC-Scientific Committee},
	Month = aug,
	Title = {{Overview of tuna fisheries in the Western and Central Pacific ocean, including economic conditions -- 2011}},
	Year = {2012}}

@article{Ward2005_a,
	Author = {Ward, P and Myers, R A},
	Date-Modified = {2013-06-14 19:39:37 +0000},
	Journal = {Canadian Journal Of Fisheries And Aquatic Sciences},
	Number = {5},
	Pages = {1130--1142},
	Title = {{Inferring the depth distribution of catchability for pelagic fishes and correcting for variations in the depth of longline fishing gear}},
	Volume = {62},
	Year = {2005}}

@article{Ortiz2004_a,
	Author = {Ortiz, Mauricio and Arocha, Freddy},
	Date-Modified = {2013-06-14 19:39:37 +0000},
	Journal = {Fisheries Research},
	Month = dec,
	Number = {2-3},
	Pages = {275--297},
	Title = {{Alternative error distribution models for standardization of catch rates of non-target species from a pelagic longline fishery: billfish species in the Venezuelan tuna longline fishery}},
	Volume = {70},
	Year = {2004}}

@article{Lehodey1997_a,
	Author = {Lehodey, P and Bertignac, M and Hampton, J and Lewis, A and Picaut, J},
	Date-Modified = {2013-06-14 19:39:37 +0000},
	Journal = {Nature},
	Number = {6652},
	Pages = {715--718},
	Title = {{El Nino Southern Oscillation and tuna in the western Pacific}},
	Volume = {389},
	Year = {1997}}

@article{Maunder2004_a,
	Author = {Maunder, MN and Punt, AE},
	Date-Modified = {2013-06-14 19:39:37 +0000},
	Journal = {Fisheries Research},
	Number = {2-3},
	Pages = {141--159},
	Title = {{Standardizing catch and effort data: a review of recent approaches}},
	Volume = {70},
	Year = {2004}}

@book{MacCall1990_a,
	Address = {Seattle},
	Author = {MacCall, Alec D},
	Date-Modified = {2013-06-14 19:39:37 +0000},
	Publisher = {University of Washington Press},
	Series = {Books in recruitment fishery oceanography},
	Title = {{Dynamic geography of marine fish populations}},
	Year = {1990}}

@article{Campbell2004_a,
	Author = {Campbell, RA},
	Date-Modified = {2013-06-14 19:39:37 +0000},
	Journal = {Fisheries Research},
	Number = {2-3},
	Pages = {209--227},
	Title = {{CPUE standardisation and the construction of indices of stock abundance in a spatially varying fishery using general linear models}},
	Volume = {70},
	Year = {2004}}

@article{Hinke2004_a,
	Author = {Hinke, JT and Kaplan, IC and Aydin, K and Watters, GM and Olson, RJ and Kitchell, JF},
	Date-Modified = {2013-06-14 19:39:37 +0000},
	Journal = {Ecology and Society},
	Number = {1},
	Title = {{Visualizing the food-web effects of fishing for tunas in the Pacific Ocean}},
	Volume = {9},
	Year = {2004}}

@article{Laliberte2004_a,
	Author = {Laliberte, AS and Ripple, WJ},
	Date-Modified = {2013-06-14 19:39:37 +0000},
	Journal = {Bioscience},
	Number = {2},
	Pages = {123--138},
	Title = {{Range contractions of North American carnivores and ungulates}},
	Volume = {54},
	Year = {2004}}

@book{MacKenzie2006_a,
	Author = {MacKenzie, D I},
	Date-Modified = {2013-06-14 19:39:37 +0000},
	Publisher = {Academic Press},
	Title = {{Occupancy estimation and modeling: inferring patterns and dynamics of species occurrence}},
	Year = {2006}}

@article{Rose1999_a,
	Author = {Rose, GA and Kulka, DW},
	Date-Modified = {2013-06-14 19:39:37 +0000},
	Journal = {Canadian Journal Of Fisheries And Aquatic Sciences},
	Pages = {118--127},
	Title = {{Hyperaggregation of fish and fisheries: how catch-per-unit-effort increased as the northern cod (Gadus morhua) declined}},
	Volume = {56},
	Year = {1999}}

@article{Case2005_a,
	Author = {Case, TJ and Holt, RD and McPeek, MA and Keitt, TH},
	Date-Modified = {2013-06-14 19:39:37 +0000},
	Journal = {Oikos},
	Number = {1},
	Pages = {28--46},
	Title = {{The community context of species' borders: ecological and evolutionary perspectives}},
	Volume = {108},
	Year = {2005}}

@article{Harley2001_a,
	Author = {Harley, SJ and Myers, R A and Dunn, A},
	Date-Modified = {2013-06-14 19:39:37 +0000},
	Journal = {Canadian Journal Of Fisheries And Aquatic Sciences},
	Number = {9},
	Pages = {1760--1772},
	Title = {{Is catch-per-unit-effort proportional to abundance?}},
	Volume = {58},
	Year = {2001}}

@article{Fiedler1987_a,
	Author = {Fiedler, PC and Bernard, HJ},
	Date-Modified = {2013-06-14 19:39:37 +0000},
	Journal = {Continental Shelf Research},
	Number = {8},
	Pages = {871--881},
	Title = {{Tuna aggregation and feeding near fronts observed in satellite imagery}},
	Volume = {7},
	Year = {1987}}

@article{Walters2003_a,
	Author = {Walters, C},
	Date-Modified = {2013-06-14 19:39:37 +0000},
	Journal = {Canadian Journal Of Fisheries And Aquatic Sciences},
	Number = {12},
	Pages = {1433--1436},
	Title = {{Folly and fantasy in the analysis of spatial catch rate data}},
	Volume = {60},
	Year = {2003}}

@article{Carruthers2010_a,
	Author = {Carruthers, Thomas R and McAllister, Murdoch and Ahrens, Robert},
	Date-Modified = {2013-06-14 19:39:37 +0000},
	Journal = {Canadian Journal Of Fisheries And Aquatic Sciences},
	Number = {9},
	Pages = {1409--1427},
	Title = {{Simulating spatial dynamics to evaluate methods of deriving abundance indices for tropical tunas}},
	Volume = {67},
	Year = {2010}}

@article{Shepherd2004_a,
	Author = {Shepherd, TD and Litvak, MK},
	Date-Modified = {2013-06-14 19:39:37 +0000},
	Journal = {Fish and Fisheries},
	Number = {2},
	Pages = {141--152},
	Title = {{Density-dependent habitat selection and the ideal free distribution in marine fish spatial dynamics: considerations and cautions}},
	Volume = {5},
	Year = {2004}}

@article{Matthysen2005_a,
	Author = {Matthysen, Erik},
	Date-Modified = {2013-06-14 19:39:37 +0000},
	Journal = {Ecography},
	Month = jun,
	Number = {3},
	Pages = {403--416},
	Title = {{Density-dependent dispersal in birds and mammals}},
	Volume = {28},
	Year = {2005}}

@article{Robinson2011_a,
	Author = {Robinson, LM and Elith, J and Hobday, A J and Pearson, Richard G and Kendall, B E and Possingham, H P and Richardson, A J},
	Date-Modified = {2013-06-14 19:39:37 +0000},
	Journal = {Global Ecology and Biogeography},
	Pages = {789--802},
	Title = {{Pushing the limits in marine species distribution modelling: lessons from the land present challenges and opportunities}},
	Volume = {20},
	Year = {2011}}

@article{Wilberg2006_a,
	Author = {Wilberg, M J and Bence, J R},
	Date-Modified = {2013-06-14 19:39:37 +0000},
	Journal = {Canadian Journal of Fisheries and {\ldots}},
	Title = {{Performance of time-varying catchability estimators in statistical catch-at-age analysis}},
	Year = {2006}}

@article{Tyberghein2012_a,
	Author = {Tyberghein, Lennert and Verbruggen, Heroen and Pauly, Klaas and Troupin, Charles and Mineur, Frederic and De Clerck, Olivier},
	Date-Modified = {2013-06-14 19:39:37 +0000},
	Journal = {Global Ecology and Biogeography},
	Number = {2},
	Pages = {272--281},
	Title = {{Bio-ORACLE: a global environmental dataset for marine species distribution modelling}},
	Volume = {21},
	Year = {2012}}

@article{Sibert2006_a,
	Author = {Sibert, John and Hampton, John and Kleiber, Pierre and Maunder, Mark},
	Date-Modified = {2013-06-14 19:39:37 +0000},
	Journal = {Science},
	Number = {5806},
	Pages = {1773--1776},
	Title = {{Biomass, size, and trophic status of top predators in the Pacific Ocean}},
	Volume = {314},
	Year = {2006}}

@article{Winters1985_a,
	Author = {Winters, G H and Wheeler, J P},
	Date-Modified = {2013-06-14 19:39:37 +0000},
	Journal = {Canadian Journal Of Fisheries And Aquatic Sciences},
	Month = may,
	Number = {5},
	Pages = {989--998},
	Title = {{Interaction Between Stock Area, Stock Abundance, and Catchability Coefficient}},
	Volume = {42},
	Year = {1985}}

@article{Worm2011_a,
	Author = {Worm, Boris and Tittensor, Derek P},
	Date-Modified = {2013-06-14 19:39:37 +0000},
	Journal = {Proceedings of the National Academy of Sciences},
	Number = {29},
	Pages = {11942--11947},
	Title = {{Range contraction in large pelagic predators}},
	Volume = {108},
	Year = {2011}}
